<?xml version="1.0" encoding="UTF-8"?><collection xmlns="http://www.loc.gov/MARC21/slim"><record><leader>00428nam--2200157-i-4500</leader><controlfield tag="001">000003966</controlfield><controlfield tag="002">20161230</controlfield><controlfield tag="005">20170225194212</controlfield><controlfield tag="008">060222s1000------------r-----000-0-eng-d</controlfield><datafield ind1=" " ind2=" " tag="100"><subfield code="a">Costa-Foru, Al. I</subfield></datafield><datafield ind1=" " ind2=" " tag="245"><subfield code="a">Metode radioactive si geochimice pentru obtinerea profilelor de sonda</subfield></datafield><datafield ind1=" " ind2=" " tag="260"><subfield code="a">Bucuresti</subfield><subfield code="b">Ed.Tehnica</subfield><subfield code="c">1958</subfield></datafield><datafield ind1=" " ind2=" " tag="300"><subfield code="a">224 p</subfield></datafield><datafield ind1=" " ind2=" " tag="700"><subfield code="a">Manilici, A. G</subfield></datafield><datafield ind1=" " ind2=" " tag="852"><subfield code="a">622.243</subfield></datafield><datafield ind1=" " ind2=" " tag="CAT"><subfield code="a">SYS</subfield><subfield code="c">20170225</subfield><subfield code="h">194212</subfield></datafield></record></collection>